<record><leader>00000cas a22000007a 4500</leader><controlfield tag="001">9489856</controlfield><controlfield tag="008">830507d18431844nyuwr ne      0    0eng d</controlfield><controlfield tag="009">3781</controlfield><datafield ind1=" " ind2=" " tag="010"><subfield code="a">sn 83030462 </subfield></datafield><datafield ind1=" " ind2=" " tag="040"><subfield code="a">NPU</subfield><subfield code="b">eng</subfield><subfield code="c">NPU</subfield><subfield code="d">NPX</subfield><subfield code="d">NPA</subfield><subfield code="d">NYS</subfield></datafield><datafield ind1="1" ind2=" " tag="029"><subfield code="a">AU@</subfield><subfield code="b">000025824614</subfield></datafield><datafield ind1=" " ind2=" " tag="042"><subfield code="a">msc</subfield></datafield><datafield ind1="0" ind2=" " tag="130"><subfield code="a">Subterranean (New York, N.Y. : 1843)</subfield></datafield><datafield ind1="0" ind2="4" tag="245"><subfield code="a">The subterranean.</subfield></datafield><datafield ind1=" " ind2=" " tag="260"><subfield code="a">New York [N.Y.] :</subfield><subfield code="b">Mike Walsh,</subfield><subfield code="c">1843-1844.</subfield></datafield><datafield ind1=" " ind2=" " tag="300"><subfield code="a">2 v. ;</subfield><subfield code="c">34-38 cm.</subfield></datafield><datafield ind1=" " ind2=" " tag="310"><subfield code="a">Weekly</subfield></datafield><datafield ind1="0" ind2=" " tag="362"><subfield code="a">Vol. 1, no. 1 (July 15, 1843)-v. 2, no. 14 (Apr. 13, 1844); no. 1 (Aug. 24, 1844)-no. 6 (Oct. 5, 1844).</subfield></datafield><datafield ind1=" " ind2=" " tag="500"><subfield code="a">Printers: Kimber &amp; Kraft, &lt;1843&gt;.</subfield></datafield><datafield ind1=" " ind2=" " tag="515"><subfield code="a">Suspended with Apr. 13, 1844 issue; resumed with Aug. 24, 1844 issue.</subfield></datafield><datafield ind1=" " ind2=" " tag="500"><subfield code="a">Editor: Mike Walsh, &lt;1843&gt;.</subfield></datafield><datafield ind1=" " ind2=" " tag="500"><subfield code="a">"Independent."</subfield></datafield><datafield ind1=" " ind2=" " tag="752"><subfield code="a">United States</subfield><subfield code="b">New York</subfield><subfield code="c">New York</subfield><subfield code="d">New York.</subfield></datafield><datafield ind1="0" ind2="7" tag="785"><subfield code="t">Working man's advocate (New York, N.Y. : Mar. 1844)</subfield><subfield code="w">(DLC)sn 89071042</subfield></datafield><datafield ind1="0" ind2="7" tag="785"><subfield code="t">Subterranean united with the working man's advocate</subfield><subfield code="w">(DLC)sn 83030393</subfield></datafield></record>